<record><leader>00000cas a2200000 a 4500</leader><controlfield tag="001">17153599</controlfield><controlfield tag="008">871130d18uu19uuwauwr ne      0    0eng d</controlfield><datafield ind1=" " ind2=" " tag="010"><subfield code="a">sn 87093151 </subfield></datafield><datafield ind1=" " ind2=" " tag="040"><subfield code="a">SLZ</subfield><subfield code="b">eng</subfield><subfield code="c">SLZ</subfield><subfield code="d">OCL</subfield><subfield code="d">OCLCQ</subfield><subfield code="d">OCLCF</subfield><subfield code="d">OCLCO</subfield></datafield><datafield ind1=" " ind2=" " tag="042"><subfield code="a">msc</subfield></datafield><datafield ind1=" " ind2=" " tag="043"><subfield code="a">n-us-wa</subfield></datafield><datafield ind1="0" ind2="4" tag="245"><subfield code="a">The Republic record.</subfield></datafield><datafield ind1=" " ind2=" " tag="260"><subfield code="a">Republic, Wash. :</subfield><subfield code="b">R. Hull and J.W. Hyde</subfield></datafield><datafield ind1=" " ind2=" " tag="300"><subfield code="a">v.</subfield></datafield><datafield ind1=" " ind2=" " tag="310"><subfield code="a">Weekly</subfield></datafield><datafield ind1=" " ind2=" " tag="588"><subfield code="a">Description based on: Vol. 3, no. 3 (Aug. 31, 1899).</subfield></datafield><datafield ind1=" " ind2="0" tag="651"><subfield code="a">Republic (Wash.)</subfield><subfield code="v">Newspapers.</subfield></datafield><datafield ind1=" " ind2="7" tag="655"><subfield code="a">Newspapers.</subfield><subfield code="2">fast</subfield><subfield code="0">(OCoLC)fst01423814</subfield></datafield><datafield ind1=" " ind2="7" tag="651"><subfield code="a">Washington (State)</subfield><subfield code="z">Republic.</subfield><subfield code="2">fast</subfield><subfield code="0">(OCoLC)fst01232686</subfield></datafield><datafield ind1=" " ind2=" " tag="752"><subfield code="a">United States</subfield><subfield code="b">Washington</subfield><subfield code="c">Ferry</subfield><subfield code="d">Republic.</subfield></datafield><datafield ind1="0" ind2="0" tag="785"><subfield code="t">Paystreak</subfield><subfield code="w">(DLC)sn 87093152</subfield></datafield></record>